@article{stanley2002evolving,
  title={Evolving neural networks through augmenting topologies},
  author={Stanley, Kenneth O and Miikkulainen, Risto},
  journal={Evolutionary computation},
  volume={10},
  number={2},
  pages={99--127},
  year={2002}
}
@inbook{norvigrusselai,
  title={Artificial Intelligence: a Modern Approach},
  author={Russel, Stuart and Norvig, Peter},
  publisher={Prentice Hall},
  year={1995},
  pages={730--731}
}